<record><leader>00000cas a22000007a 4500</leader><controlfield tag="001">10509442</controlfield><controlfield tag="008">840312d184818uumau x ne      0    0eng d</controlfield><datafield ind1=" " ind2=" " tag="010"><subfield code="a">sn 84022627 </subfield></datafield><datafield ind1=" " ind2=" " tag="040"><subfield code="a">NPX</subfield><subfield code="b">eng</subfield><subfield code="c">NPX</subfield><subfield code="d">DLC</subfield><subfield code="d">MGN</subfield><subfield code="d">CNK</subfield><subfield code="d">OCLCQ</subfield></datafield><datafield ind1=" " ind2=" " tag="042"><subfield code="a">msc</subfield></datafield><datafield ind1=" " ind2=" " tag="043"><subfield code="a">n-us-ma</subfield></datafield><datafield ind1="0" ind2="0" tag="245"><subfield code="a">Boston journal for California.</subfield></datafield><datafield ind1="1" ind2="3" tag="246"><subfield code="a">California journal</subfield><subfield code="f">June 5, 1854</subfield></datafield><datafield ind1=" " ind2=" " tag="260"><subfield code="a">Boston [Mass.] :</subfield><subfield code="b">Sleeper &amp; Rogers</subfield></datafield><datafield ind1=" " ind2=" " tag="300"><subfield code="a">v.</subfield></datafield><datafield ind1=" " ind2=" " tag="310"><subfield code="a">Irregular</subfield></datafield><datafield ind1="1" ind2=" " tag="362"><subfield code="a">Began in 1848.</subfield></datafield><datafield ind1=" " ind2=" " tag="500"><subfield code="a">"The Boston journal for California will be published immediately previous to the closing of the great mails for California."</subfield></datafield><datafield ind1=" " ind2=" " tag="500"><subfield code="a">Available at selected locations in San Francisco.</subfield></datafield><datafield ind1=" " ind2=" " tag="580"><subfield code="a">Semiweekly ed.: Boston journal (Boston, Mass. : Semiweekly), 1848-1849, and: Boston semi-weekly journal, 1849-18.</subfield></datafield><datafield ind1=" " ind2=" " tag="588"><subfield code="a">Description based on: Vol. 1, no. 5 (Jan. 28, 1849).</subfield></datafield><datafield ind1=" " ind2=" " tag="752"><subfield code="a">United States</subfield><subfield code="b">Massachusetts</subfield><subfield code="c">Suffolk</subfield><subfield code="d">Boston.</subfield></datafield><datafield ind1=" " ind2=" " tag="752"><subfield code="a">United States</subfield><subfield code="b">California</subfield><subfield code="c">San Francisco</subfield><subfield code="d">San Francisco.</subfield></datafield><datafield ind1="0" ind2=" " tag="775"><subfield code="t">Boston daily journal (Boston, Mass. : 1845)</subfield><subfield code="w">(DLC)sn 84022618</subfield></datafield><datafield ind1="0" ind2=" " tag="775"><subfield code="t">Boston morning journal</subfield><subfield code="w">(DLC)sn 84022619</subfield></datafield><datafield ind1="0" ind2=" " tag="775"><subfield code="t">Boston weekly journal</subfield><subfield code="w">(DLC)sn 84022626</subfield></datafield><datafield ind1="1" ind2=" " tag="775"><subfield code="t">Boston journal (Boston, Mass. : Semiweekly)</subfield><subfield code="w">(DLC)sn 84022621</subfield></datafield><datafield ind1="1" ind2=" " tag="775"><subfield code="t">Boston semi-weekly journal</subfield><subfield code="w">(DLC)sn 84022622</subfield></datafield></record>